@Comment А вот так оформляется библиография при помощи BibTeX.

@Book{Pup09,
  author =		 {Василий Пупкин and Эйнштейн, А.},
  title = 		 {\LaTeX для <<чайников>>},
  publisher = 	 {М.},
  year = 		 {2009},
  language =     "russian"
},
@Book{d2004mysql,
	title={MySQL: Полн. и исчерпывающее руководство по применению и администрированию баз данных MySQL 4, а также программированию приложений},
	author={Дюбуа, Поль},
	year={2004},
	publisher={Издательский дом Вильямс}
},
@article{yurt2011dev,
	title={Разработка Web-приложений с использованием языка PHP},
	author={Юртанова, Екатерина Михайловна},
	journal={Учебный эксперимент в образовании},
	number={1},
@Comment	pages={47--50},
	year={2011},
	publisher={федеральное государственное бюджетное образовательное учреждение высшего~…}
},
@book{baldinLatex,
	title={Компьютерная типография LaTeX},
	author={Балдин, Евгений Михайлович},
	year={2008},
	publisher={Evgeny Baldin}
}
