@Comment А вот так оформляется библиография при помощи BibTeX.





@article{1,
	title={Проектирование встраиваемых микропроцессорных систем на основе ПЛИС фирмы Xilinx},
	author={Зотов, Валерий},
	journal={М.: Горячая линия--Телеком},
	year={2006}
},



@article{2,
	title={Использование временных ограничений PERIOD и OFFSET при проектировании цифровых устройств на ПЛИС фирмы Xilinx},
	author={Ушенина, Инна},
	journal={Компоненты и технологии},
	number={5},
	pages={97--106},
	year={2013},
	publisher={Общество с ограниченной ответственностью Издательство Файнстрит},
	language = {russian}
},


@article{5,
	title={Язык описания аппаратуры Verilog},
	author={Тарасов, Илья Евгеньевич},
	year={2011},
	publisher={МИРЭА},
	language = {russian}
},

@article{6,
	title={Проектирование цифровых устройств с использованием ПЛИС},
	author={Попов, АЮ},
	year={2009},
	publisher={Московский государственный технический университет им. НЭ Баумана}
},

@article{7,
	title={ПЛИС фирмы Xilinx: семейство SpartanTM-II},
	author={Кузелин, Михаил},
	journal={Компоненты и технологии},
	number={12},
	pages={84--86},
	year={2001},
	publisher={Общество с ограниченной ответственностью {\guillemotleft}Издательство Файнстрит{\guillemotright}}
},

@article{8,
	title={Погружаясь в ПЛИС},
	author={Том, Леклидер},
	journal={Компоненты и технологии},
	number={65},
	pages={56--60},
	year={2006},
	publisher={Общество с ограниченной ответственностью {\guillemotleft}Издательство Файнстрит{\guillemotright}}
},

@article{9,
	title={Основы логического синтеза средствами САПР Synopsys с использованием Verilog HDL: учеб. пособие},
	author={Стемпковский, АЛ and Семенов, МЮ},
	journal={М.: МИЭТ},
	year={2005}
},
@book{10,
	title={Цифровая схемотехника и архитектура компьютера},
	author={Харрис, Дэвид and Харрис, Сара},
	year={2021},
	publisher={Litres},
	language = {russian}
},


@inproceedings{3,
	title={Performance analysis of synchronizer and measurement of metastability},
	author={Patharkar, Ankush Suresh},
	booktitle={2015 International Conference on Computing Communication Control and Automation},
	pages={494--498},
	year={2015},
	organization={IEEE}
},



@inproceedings{4,
	title={Simulation and synthesis techniques for asynchronous FIFO design},
	author={Cummings, Clifford E},
	booktitle={SNUG 2002 (Synopsys Users Group Conference, San Jose, CA, 2002) User Papers},
	year={2002}
},
